@article{MichelsonMorley1887,
  author = {Michelson, A. A. and Morley, E. W.},
  title = {On the Relative Motion of the Earth and the Luminiferous Ether},
  journal = {American Journal of Science},
  volume = {34},
  number = {203},
  pages = {333--345},
  year = {1887},
  doi = {10.2475/ajs.s3-34.203.333}
}

@techreport{MITOpticalInterferometry2023,
  title = {Optical Interferometry},
  author = {{MIT Department of Physics}},
  year = {2023},
  month = {August},
  day = {22},
  institution = {MIT Department of Physics}
}

@techreport{PiezoFilm2006,
  title = {Interfacing Piezo Film to Electronics},
  institution = {Measurement Specialties},
  month = {March},
  year = {2006}
}

@article{LIGO2016,
  author = {B. P. Abbott and et al. (LIGO Scientific Collaboration and Virgo Collaboration)},
  title = {Observation of Gravitational Waves from a Binary Black Hole Merger},
  journal = {Physical Review Letters},
  volume = {116},
  issue = {6},
  pages = {061102},
  year = {2016},
  doi = {10.1103/PhysRevLett.116.061102}
}