@book{Jackson1975,
      author        = "Jackson, John David",
      title         = "{Classical electrodynamics; 2nd ed.}",
      publisher     = "Wiley",
      address       = "New York, NY",
      year          = "1975",
      doi           = "10.1002/3527600434.eap109",
      url           = "https://cds.cern.ch/record/100964",
}

@book{Weinberg1995,
    author = "Weinberg, Steven",
    title = "{The Quantum theory of fields. Vol. 1: Foundations}",
    doi = "10.1017/CBO9781139644167",
    isbn = "978-0-521-67053-1, 978-0-511-25204-4",
    publisher = "Cambridge University Press",
    month = "6",
    year = "2005"
}

@book{morin2008introduction,
  author = {Morin, David},
  title = {Introduction to Classical Mechanics: With Problems and Solutions},
  publisher = {Cambridge University Press},
  year = {2008},
  edition = {1st},
  isbn = {9780521876223}
}

@book{zwiebach2022mastering,
  author = {Zwiebach, Barton},
  title = {Mastering Quantum Mechanics: Essentials, Theory, and Applications},
  publisher = {The MIT Press},
  year = {2022},
  isbn = {9780262046138}
}

@article{CMS:2012qbp,
    author = "Chatrchyan, Serguei and others",
    collaboration = "CMS",
    title = "{Observation of a New Boson at a Mass of 125 GeV with the CMS Experiment at the LHC}",
    eprint = "1207.7235",
    archivePrefix = "arXiv",
    primaryClass = "hep-ex",
    reportNumber = "CMS-HIG-12-028, CERN-PH-EP-2012-220",
    doi = "10.1016/j.physletb.2012.08.021",
    journal = "Phys. Lett. B",
    volume = "716",
    pages = "30--61",
    year = "2012"
}

@book{PeskinSchroeder1995,
    author = {Peskin, Michael E. and Schroeder, Daniel V.},
    title = {An Introduction to Quantum Field Theory},
    publisher = {Westview Press},
    year = {1995},
    address = {Boulder, CO},
    isbn = {978-0201503975}
}

@book{Gunion:1990,
    author    = {John F. Gunion and Howard E. Haber and Gordon L. Kane and Sally Dawson},
    title     = {The Higgs Hunter's Guide},
    publisher = {Addison-Wesley},
    year      = {1990},
    series    = {Frontiers in Physics},
    volume    = {80},
    isbn      = {978-0738203058},
    url       = {https://www.routledge.com/The-Higgs-Hunters-Guide/Gunion-Haber-Kane-Dawson/p/book/9780738203058}
}

@article{PDG2023Higgs,
    author       = "{Particle Data Group}",
    title        = "{Status of Higgs Boson Physics}",
    journal      = "Prog. Theor. Exp. Phys.",
    volume       = "2022",
    pages        = "083C01",
    year         = "2022",
    note         = "2023 update",
    url          = "https://pdg.lbl.gov/2023/reviews/rpp2023-rev-higgs-boson.pdf"
}

@article{Agostinelli:2002hh,
    author    = {Agostinelli, S. and others},
    title     = {GEANT4â€”A Simulation Toolkit},
    journal   = {Nucl. Instrum. Meth. A},
    volume    = {506},
    pages     = {250--303},
    year      = {2003},
    doi       = {10.1016/S0168-9002(03)01368-8}
}

@article{Alioli:2010xd,
    author    = {Alioli, Simone and Nason, Paolo and Oleari, Carlo and Re, Emanuele},
    title     = {A general framework for implementing NLO calculations in shower Monte Carlo programs: the POWHEG BOX},
    journal   = {JHEP},
    volume    = {06},
    pages     = {043},
    year      = {2010},
    doi       = {10.1007/JHEP06(2010)043},
    eprint    = {1007.1824},
    archivePrefix = {arXiv},
    primaryClass = {hep-ph}
}

@article{Sjostrand:2006za,
    author    = {Sjostrand, Torbjorn and Mrenna, Stephen and Skands, Peter},
    title     = {PYTHIA 6.4 Physics and Manual},
    journal   = {JHEP},
    volume    = {05},
    pages     = {026},
    year      = {2006},
    doi       = {10.1088/1126-6708/2006/05/026},
    eprint    = {hep-ph/0603175},
    archivePrefix = {arXiv},
    primaryClass = {hep-ph}
}

@article{Alwall:2007st,
  author        = {Alwall, Johan and Demin, Pavel and de Visscher, Simon and Frederix, Rikkert and Herquet, Michel and Maltoni, Fabio and Plehn, Tilman and Rainwater, David L. and Stelzer, Tim},
  title         = {{MadGraph/MadEvent v4: The New Web Generation}},
  journal       = {JHEP},
  volume        = {09},
  pages         = {028},
  year          = {2007},
  doi           = {10.1088/1126-6708/2007/09/028},
  eprint        = {0706.2334},
  archivePrefix = {arXiv},
  primaryClass  = {hep-ph}
}

@article{Butterworth:2015oua,
    author    = {Butterworth, Jon and Carrazza, Stefano and Cooper-Sarkar, Amanda and De Roeck, Albert and Feltesse, Joel and Forte, Stefano and Gao, Jun and Glazov, Sasha and Huston, Joey and Kassabov, Zahari and McNulty, Ronan and Morsch, Andreas and Nadolsky, Pavel and Radescu, Voica and Rojo, Juan and Thorne, Robert},
    title     = {PDF4LHC recommendations for LHC Run II},
    journal   = {J. Phys. G},
    volume    = {43},
    pages     = {023001},
    year      = {2016},
    doi       = {10.1088/0954-3899/43/2/023001},
    eprint    = {1510.03865},
    archivePrefix = {arXiv},
    primaryClass = {hep-ph}
}

@article{Botje:2011sn,
  author        = {Botje, M. and others},
  title         = {{The PDF4LHC Working Group Interim Recommendations}},
  eprint        = {1101.0538},
  archivePrefix = {arXiv},
  primaryClass  = {hep-ph},
  year          = {2011},
}

@article{Alekhin:2011sk,
  author        = {Alekhin, S. and others},
  title         = {{The PDF4LHC Working Group Interim Report}},
  eprint        = {1101.0536},
  archivePrefix = {arXiv},
  primaryClass  = {hep-ph},
  year          = {2011},
}

@article{Lai:2010vv,
  author        = {Lai, H.-L. and others},
  title         = {{New parton distributions for collider physics}},
  journal       = {Phys. Rev. D},
  volume        = {82},
  pages         = {074024},
  year          = {2010},
  doi           = {10.1103/PhysRevD.82.074024},
  eprint        = {1007.2241},
  archivePrefix = {arXiv},
  primaryClass  = {hep-ph},
}

@article{Ball:2011mu,
  author        = {Ball, R. D. and others (NNPDF Collaboration)},
  title         = {{Impact of Heavy Quark Masses on Parton Distributions and LHC Phenomenology}},
  journal       = {Nucl. Phys. B},
  volume        = {849},
  pages         = {296--363},
  year          = {2011},
  doi           = {10.1016/j.nuclphysb.2011.03.021},
  eprint        = {1101.1300},
  archivePrefix = {arXiv},
  primaryClass  = {hep-ph},
}

@techreport{MIT:Higgs4L2020,
    author  = {{MIT Department of Physics}},
    title   = {{Higgs to 4L Data Analysis Project}},
    year    = {2020},
    month   = {Sep},
    institution = {Massachusetts Institute of Technology},
    note    = {Dated: September 24, 2020},
}

@misc{Hu2020HiggsTo4L,
    author       = {Hu, Miao},
    title        = {Higgs to 4L Data Analysis Project},
    year         = {2020},
    url          = {https://github.com/hmiaozh/MITJuniorLab/tree/master/HiggsTo4L},
    note         = {MIT Junior Lab Spring 2020}
}

@misc{CMS_2010_data,
  author       = {CMS Collaboration},
  title        = {CMS 2010 Collision Data},
  year         = {2014},
  publisher    = {CERN Open Data Portal},
  doi          = {10.7483/OPENDATA.CMS.Y3J2.RDY4},
  url          = {http://opendata.cern.ch/record/1}
}

@inproceedings{paszke2019pytorch,
  title={{PyTorch}: An Imperative Style, High-Performance Deep Learning Library},
  author={Paszke, Adam and Gross, Sam and Massa, Francisco and Lerer, Adam and
          Bradbury, James and Chanan, Gregory and Killeen, Trevor and Lin, Zeming and
          Gimelshein, Natalia and Antiga, Luca and Desmaison, Alban and Kopf, Andreas and
          Yang, Edward and DeVito, Zachary and Raison, Martin and Tejani, Alykhan and
          Chilamkurthy, Sasank and Steiner, Ben and Fang, Lu and Bai, Junjie and
          Chintala, Soumith},
  booktitle={Advances in Neural Information Processing Systems 32},
  editor={Wallach, H. and Larochelle, H. and Beygelzimer, A. and 
          d'Alch{\'e}-Buc, F. and Fox, E. and Garnett, R.},
  pages={8024--8035},
  year={2019},
  publisher={Curran Associates, Inc.}
}

@article{rumelhart1986learning,
  title={Learning representations by back-propagating errors},
  author={Rumelhart, David E. and Hinton, Geoffrey E. and Williams, Ronald J.},
  journal={Nature},
  volume={323},
  number={6088},
  pages={533--536},
  year={1986},
  publisher={Nature Publishing Group}
}

@article{kingma2014adam,
  title={{Adam}: A Method for Stochastic Optimization},
  author={Kingma, Diederik P. and Ba, Jimmy},
  journal={arXiv preprint arXiv:1412.6980},
  year={2014}
}

@book{goodfellow2016deep,
  title={Deep Learning},
  author={Goodfellow, Ian and Bengio, Yoshua and Courville, Aaron},
  isbn={9780262035613},
  url={http://www.deeplearningbook.org},
  year={2016},
  publisher={MIT Press}
}

@article{Cowan:2010js,
    author = "Cowan, Glen and Cranmer, Kyle and Gross, Eilam and Vitells, Ofer",
    title = "{Asymptotic formulae for likelihood-based tests of new physics}",
    eprint = "1007.1727",
    archivePrefix = "arXiv",
    primaryClass = "physics.data-an",
    doi = "10.1140/epjc/s10052-011-1554-0",
    journal = "Eur. Phys. J. C",
    volume = "71",
    pages = "1554",
    year = "2011",
    note = "[Erratum: Eur.Phys.J.C 73, 2501 (2013)]"
}

@article{ATLAS:2023oaq,
    author = "Aad, Georges and others",
    collaboration = "ATLAS",
    title = "{Combined Measurement of the Higgs Boson Mass from the H\textrightarrow{}\ensuremath{\gamma}\ensuremath{\gamma} and H\textrightarrow{}ZZ*\textrightarrow{}4\ensuremath{\ell} Decay Channels with the ATLAS Detector Using s=7, 8, and 13~TeV pp Collision Data}",
    eprint = "2308.04775",
    archivePrefix = "arXiv",
    primaryClass = "hep-ex",
    reportNumber = "CERN-EP-2023-156",
    doi = "10.1103/PhysRevLett.131.251802",
    journal = "Phys. Rev. Lett.",
    volume = "131",
    number = "25",
    pages = "251802",
    year = "2023"
}

@inproceedings{kipf2017semi,
  title     = {Semi-Supervised Classification with Graph Convolutional Networks},
  author    = {Kipf, Thomas N. and Welling, Max},
  booktitle = {International Conference on Learning Representations (ICLR)},
  year      = {2017},
  url       = {https://arxiv.org/abs/1609.02907},
}