@techreport{Heath1964,
    author = {Heath, R. L.},
    title = {SCINTILLATION SPECTROMETRY. GAMMA-RAY SPECTRUM CATALOGUE. 2nd Edition. Volume 1 of 2},
    institution = {Phillips Petroleum Co. Atomic Energy Div., Idaho Falls, Idaho},
    doi = {10.2172/4033555},
    url = {https://www.osti.gov/biblio/4033555},
    year = {1964},
    month = {08}
}

@techreport{Amman2012,
author = {Amman, Mark},
year = {2012},
month = {08},
pages = {},
title = {Radiation Measurements with a CdZnTe-Based Spectrometer},
doi = {10.13140/RG.2.2.16484.09608}
}