@article{UA11983,
author = {{UA1 Collaboration}},
journal = {Physics Letters B},
volume = {126},
number = {5},
pages = {398-410},
year = {1983},
issn = {0370-2693},
doi = {https://doi.org/10.1016/0370-2693(83)90188-0},
url = {https://www.sciencedirect.com/science/article/pii/0370269383901880},
author = {G. Arnison and A. Astbury and B. Aubert and C. Bacci and G. Bauer and A. Bézaguet and R. Böck and T.J.V. Bowcock and M. Calvetti and P. Catz and P. Cennini and S. Centro and F. Ceradini and S. Cittolin and D. Cline and C. Cochet and J. Colas and M. Corden and D. Dallman and D. Dau and M. DeBeer and M.Della Negra and M. Demoulin and D. Denegri and A. {Di Ciaccio} and D. Dibitonto and L. Dobrzynski and J.D. Dowell and K. Eggert and E. Eisenhandler and N. Ellis and P. Erhard and H. Faissner and M. Fincke and G. Fontaine and R. Frey and R. Frühwirth and J. Garvey and S. Geer and C. Ghesquière and P. Ghez and K. Giboni and W.R. Gibson and Y. Giraud-Héraud and A. Givernaud and A. Gonidec and G. Grayer and T. Hansl-Kozaȧecka and W.J. Haynes and L.O. Hertzberger and C. Hodges and D. Hoffmann and H. Hoffmann and D.J. Holthuizen and R.J. Homer and A. Honma and W. Jank and G. Jorat and P.I.P. Kalmus and V. Karimäki and R. Keeler and I. Kenyon and A. Kernan and R. Kinnunen and W. Kozanecki and D. Kryn and F. Lacava and J.-P. Laugier and J.-P. Lees and H. Lehmann and R. Leuchs and A. Lévêque and D. Linglin and E. Locci and J.-J. Malosse and T. Markiewicz and G. Maurin and T. McMahon and J.-P. Mendiburu and M.-N. Minard and M. Mohammadi and M. Moricca and K. Morgan and H. Muirhead and F. Muller and A.K. Nandi and L. Naumann and A. Norton and A. Orkin-Lecourtois and L. Paoluzi and F. Pauss and G.Piano Mortari and E. Pietarinen and M. Pimiä and A. Placci and J.P. Porte and E. Radermacher and J. Ransdell and H. Reithler and J.-P. Revol and J. Rich and M. Rijssenbeek and C. Roberts and J. Rohlf and P. Rossi and C. Rubbia and B. Sadoulet and G. Sajot and G. Salvi and G. Salvini and J. Sass and J. Saudraix and A. Savoy-Navarro and D. Schinzel and W. Scott and T.P. Shah and M. Spiro and J. Strauss and J. Streets and K. Sumorok and F. Szoncso and D. Smith and C. Tao and G. Thompson and J. Timmer and E. Tscheslog and J. Touminiemi and B. {Van Eijk} and J.-P. Vialle and J. Vrana and V. Vuillemin and H.D. Wahl and P. Watkins and J. Wilson and C. Wulz and G.Y. Xie and M. Yvert and E. Zurfluh},
abstract = {We report the observation of four electron-positron pairs and one muon pair which have the signature of a two-body decay of a particle of mass ∼ 95 GeV/c2. These events fit well the hypothesis that they are produced by the process p̄ + p → Z0 + X (with Z0 → ℓ+ + ℓ−), where Z0 is the Intermediate Vector Boson postulated by the electroweak theories as the mediator of weak neutral currents.}
}

@ARTICLE{D01995,
       author = {{D0 Collaboration}},
        title = "{Observation of the Top Quark}",
      journal = {\prl},
     keywords = {High Energy Physics - Experiment, High Energy Physics - Phenomenology},
         year = 1995,
        month = apr,
       volume = {74},
       number = {14},
        pages = {2632-2637},
          doi = {10.1103/PhysRevLett.74.2632},
archivePrefix = {arXiv},
       eprint = {hep-ex/9503003},
 primaryClass = {hep-ex},
       adsurl = {https://ui.adsabs.harvard.edu/abs/1995PhRvL..74.2632A},
      adsnote = {Provided by the SAO/NASA Astrophysics Data System}
}

@ARTICLE{DONUT2001,
       author = {{DONUT Collaboration}},
        title = "{Observation of tau neutrino interactions}",
      journal = {Physics Letters B},
     keywords = {High Energy Physics - Experiment},
         year = 2001,
        month = apr,
       volume = {504},
       number = {3},
        pages = {218-224},
          doi = {10.1016/S0370-2693(01)00307-0},
archivePrefix = {arXiv},
       eprint = {hep-ex/0012035},
 primaryClass = {hep-ex},
       adsurl = {https://ui.adsabs.harvard.edu/abs/2001PhLB..504..218D},
      adsnote = {Provided by the SAO/NASA Astrophysics Data System}
}

@article{Higgs1964,
  title = {Broken Symmetries and the Masses of Gauge Bosons},
  author = {Higgs, Peter W.},
  journal = {Phys. Rev. Lett.},
  volume = {13},
  issue = {16},
  pages = {508--509},
  numpages = {0},
  year = {1964},
  month = {Oct},
  publisher = {American Physical Society},
  doi = {10.1103/PhysRevLett.13.508},
  url = {https://link.aps.org/doi/10.1103/PhysRevLett.13.508}
}

@ARTICLE{CMS2012,
       author = {{CMS Collaboration}},
        title = "{Observation of a new boson at a mass of 125 GeV with the CMS experiment at the LHC}",
      journal = {Physics Letters B},
     keywords = {CMS, Physics, Higgs, High Energy Physics - Experiment},
         year = 2012,
        month = sep,
       volume = {716},
       number = {1},
        pages = {30-61},
          doi = {10.1016/j.physletb.2012.08.021},
archivePrefix = {arXiv},
       eprint = {1207.7235},
 primaryClass = {hep-ex},
       adsurl = {https://ui.adsabs.harvard.edu/abs/2012PhLB..716...30C},
      adsnote = {Provided by the SAO/NASA Astrophysics Data System}
}

@article{Jomhari2017,
  author       = {Jomhari, Nur Zulaiha and Geiser, Achim and Bin Anuar, Afiq Aizuddin},
  title        = {Higgs-to-four-lepton analysis example using 2011-2012 data},
  year         = {2017},
  howpublished = {\url{https://doi.org/10.7483/OPENDATA.CMS.JKB8.RR42}},
  doi          = {10.7483/OPENDATA.CMS.JKB8.RR42}
}

@book{Weinberg1995,
    author = "Weinberg, Steven",
    title = "{The Quantum theory of fields. Vol. 1: Foundations}",
    doi = "10.1017/CBO9781139644167",
    isbn = "978-0-521-67053-1, 978-0-511-25204-4",
    publisher = "Cambridge University Press",
    month = "6",
    year = "2005"
}

@book{Gunion1989,
    author = "Gunion, John F. and Haber, Howard E. and Kane, Gordon L. and Dawson, Sally",
    title = "{The Higgs Hunter's Guide}",
    reportNumber = "SCIPP-89/13, UCD-89-4, BNL-41644",
    doi = "10.1201/9780429496448",
    isbn = "978-0-429-49644-8",
    volume = "80",
    year = "2000"
}

@article{PDG2024,
author = {{Particle Data Group Collaboration}},
  title = {Review of Particle Physics},
  journal = {Phys. Rev. D},
  volume = {110},
  issue = {3},
  pages = {030001},
  numpages = {5},
  year = {2024},
  month = {Aug},
  publisher = {American Physical Society},
  doi = {10.1103/PhysRevD.110.030001},
  url = {https://link.aps.org/doi/10.1103/PhysRevD.110.030001}
}

@ARTICLE{DrellYan1970,
       author = {{Drell}, Sidney D. and {Yan}, Tung-Mow},
        title = "{Massive Lepton-Pair Production in Hadron-Hadron Collisions at High Energies}",
      journal = {\prl},
         year = 1970,
        month = aug,
       volume = {25},
       number = {5},
        pages = {316-320},
          doi = {10.1103/PhysRevLett.25.316},
       adsurl = {https://ui.adsabs.harvard.edu/abs/1970PhRvL..25..316D},
      adsnote = {Provided by the SAO/NASA Astrophysics Data System}
}

@article{CMS2008,
    author = "Chatrchyan, S. and others",
    collaboration = "CMS",
    title = "{The CMS Experiment at the CERN LHC}",
    doi = "10.1088/1748-0221/3/08/S08004",
    journal = "JINST",
    volume = "3",
    pages = "S08004",
    year = "2008"
}

@article{Alioli2010,
    author    = {Alioli, Simone and Nason, Paolo and Oleari, Carlo and Re, Emanuele},
    title     = {A general framework for implementing NLO calculations in shower Monte Carlo programs: the POWHEG BOX},
    journal   = {JHEP},
    volume    = {06},
    pages     = {043},
    year      = {2010},
    doi       = {10.1007/JHEP06(2010)043},
    eprint    = {1007.1824},
    archivePrefix = {arXiv},
    primaryClass = {hep-ph}
}

@article{Alwall2007,
  author        = {Alwall, Johan and Demin, Pavel and de Visscher, Simon and Frederix, Rikkert and Herquet, Michel and Maltoni, Fabio and Plehn, Tilman and Rainwater, David L. and Stelzer, Tim},
  title         = {{MadGraph/MadEvent v4: The New Web Generation}},
  journal       = {JHEP},
  volume        = {09},
  pages         = {028},
  year          = {2007},
  doi           = {10.1088/1126-6708/2007/09/028},
  eprint        = {0706.2334},
  archivePrefix = {arXiv},
  primaryClass  = {hep-ph}
}

@article{Sjostrand2006,
    author    = {Sjostrand, Torbjorn and Mrenna, Stephen and Skands, Peter},
    title     = {PYTHIA 6.4 Physics and Manual},
    journal   = {JHEP},
    volume    = {05},
    pages     = {026},
    year      = {2006},
    doi       = {10.1088/1126-6708/2006/05/026},
    eprint    = {hep-ph/0603175},
    archivePrefix = {arXiv},
    primaryClass = {hep-ph}
}

@article{Agostinelli2002,
    author    = {Agostinelli, S. and others},
    title     = {GEANT4—A Simulation Toolkit},
    journal   = {Nucl. Instrum. Meth. A},
    volume    = {506},
    pages     = {250--303},
    year      = {2003},
    doi       = {10.1016/S0168-9002(03)01368-8}
}

@article{Botje2011,
  author        = {Botje, M. and others},
  title         = {{The PDF4LHC Working Group Interim Recommendations}},
  eprint        = {1101.0538},
  archivePrefix = {arXiv},
  primaryClass  = {hep-ph},
  year          = {2011},
}

@article{Alekhin2011,
  author        = {Alekhin, S. and others},
  title         = {{The PDF4LHC Working Group Interim Report}},
  eprint        = {1101.0536},
  archivePrefix = {arXiv},
  primaryClass  = {hep-ph},
  year          = {2011},
}

@article{Lai2010,
  title = {New parton distributions for collider physics},
  author = {Lai, Hung-Liang and Guzzi, Marco and Huston, Joey and Li, Zhao and Nadolsky, Pavel M. and Pumplin, Jon and Yuan, C.-P.},
  journal = {Phys. Rev. D},
  volume = {82},
  issue = {7},
  pages = {074024},
  numpages = {24},
  year = {2010},
  month = {Oct},
  publisher = {American Physical Society},
  doi = {10.1103/PhysRevD.82.074024},
  url = {https://link.aps.org/doi/10.1103/PhysRevD.82.074024}
}

@article{Ball2011,
  author        = {Ball, R. D. and others (NNPDF Collaboration)},
  title         = {{Impact of Heavy Quark Masses on Parton Distributions and LHC Phenomenology}},
  journal       = {Nucl. Phys. B},
  volume        = {849},
  pages         = {296--363},
  year          = {2011},
  doi           = {10.1016/j.nuclphysb.2011.03.021},
  eprint        = {1101.1300},
  archivePrefix = {arXiv},
  primaryClass  = {hep-ph},
}

@article{KipfWelling2016,
  title={Semi-Supervised Classification with Graph Convolutional Networks},
  author={Thomas Kipf and Max Welling},
  journal={ArXiv},
  year={2016},
  volume={abs/1609.02907},
  url={https://api.semanticscholar.org/CorpusID:3144218}
}