@manual{axani2024cosmicwatch,
  title        = {Junior Lab Manual for CosmicWatch: The Desktop Muon Detector (v3)},
  author       = {Spencer Axani and Janet Conrad},
  year         = {2024},
  month        = sep,
  note         = {Junior Lab Manual, Massachusetts Institute of Technology},
}

@book{brockwell1991timeseries,
  title={Time Series: Theory and Methods},
  author={Brockwell, Peter J. and Davis, Richard A.},
  year={1991},
  edition={2nd},
  publisher={Springer},
  address={New York},
  series={Springer Series in Statistics}
}

@software{gzip,
  author       = {Jean-loup Gailly and Mark Adler},
  title        = {gzip: Compression Software},
  url          = {https://www.gnu.org/software/gzip/},
  year         = {1992},
  organization = {GNU Project}
}

@article{shannon1948mathematical,
  title={A Mathematical Theory of Communication},
  author={Shannon, Claude E.},
  journal={Bell System Technical Journal},
  volume={27},
  number={3},
  pages={379--423},
  year={1948},
  publisher={Bell Labs}
}

@article{lempel1976complexity,
  title={On the Complexity of Finite Sequences},
  author={Lempel, Abraham and Ziv, Jacob},
  journal={IEEE Transactions on Information Theory},
  volume={22},
  number={1},
  pages={75--81},
  year={1976},
  publisher={IEEE}
}

@book{stouffer1949american,
  title={The American Soldier: Adjustment During Army Life},
  author={Stouffer, Samuel A. and Suchman, Edward A. and DeVinney, Leland C. and Star, Shirley A. and Williams Jr, Robin M.},
  volume={1},
  year={1949},
  publisher={Princeton University Press},
  address={Princeton, NJ}
}