@techreport{Heath1964,
    author = {Heath, R. L.},
    title = {SCINTILLATION SPECTROMETRY. GAMMA-RAY SPECTRUM CATALOGUE. 2nd Edition. Volume 1 of 2},
    institution = {Phillips Petroleum Co. Atomic Energy Div., Idaho Falls, Idaho},
    doi = {10.2172/4033555},
    url = {https://www.osti.gov/biblio/4033555},
    year = {1964},
    month = {08}
}

@techreport{Amman2012,
author = {Amman, Mark},
year = {2012},
month = {08},
pages = {},
title = {Radiation Measurements with a CdZnTe-Based Spectrometer},
doi = {10.13140/RG.2.2.16484.09608}
}

@book{Cooper2004,
  title={X-ray Compton scattering},
  author={Cooper, Malcolm and Mijnarends, Peter and Shiotani, Nobuhiro and Sakai, Nobuhiko and Bansil, Arun},
  volume={5},
  year={2004},
  publisher={OUP Oxford}
}

@article{Harding1997,
title = {Inelastic photon scattering: Effects and applications in biomedical science and industry},
journal = {Radiation Physics and Chemistry},
volume = {50},
number = {1},
pages = {91-111},
year = {1997},
note = {Inelastic Scattering of X-Rays and Gamma Rays},
issn = {0969-806X},
doi = {https://doi.org/10.1016/S0969-806X(97)00026-1},
url = {https://www.sciencedirect.com/science/article/pii/S0969806X97000261},
author = {G. Harding},
}

@article{Birkinshaw1999,
       author = {{Birkinshaw}, M.},
        title = "{The Sunyaev-Zel'dovich effect}",
      journal = {\physrep},
     keywords = {Astrophysics},
         year = 1999,
        month = mar,
       volume = {310},
       number = {2-3},
        pages = {97-195},
          doi = {10.1016/S0370-1573(98)00080-5},
archivePrefix = {arXiv},
       eprint = {astro-ph/9808050},
 primaryClass = {astro-ph},
       adsurl = {https://ui.adsabs.harvard.edu/abs/1999PhR...310...97B},
      adsnote = {Provided by the SAO/NASA Astrophysics Data System}
}

@book{Jackson1975,
      author        = "Jackson, John David",
      title         = "{Classical electrodynamics; 2nd ed.}",
      publisher     = "Wiley",
      address       = "New York, NY",
      year          = "1975",
      doi           = "10.1002/3527600434.eap109",
      url           = "https://cds.cern.ch/record/100964",
}

@book{Weinberg1995,
    author = "Weinberg, Steven",
    title = "{The Quantum theory of fields. Vol. 1: Foundations}",
    doi = "10.1017/CBO9781139644167",
    isbn = "978-0-521-67053-1, 978-0-511-25204-4",
    publisher = "Cambridge University Press",
    month = "6",
    year = "2005"
}

@misc{MIT2023,
  author = {{MIT Department of Physics}},
  title = {Compton Scattering},
  institution = {MIT Department of Physics},
  year = {2025},
}

@article{Compton1923,
  author = {Compton, Arthur H.},
  title = {A Quantum Theory of the Scattering of X-rays by Light Elements},
  journal = {Physical Review},
  volume = {21},
  issue = {5},
  pages = {483--502},
  year = {1923},
  doi = {10.1103/PhysRev.21.483},
  url = {https://journals.aps.org/pr/abstract/10.1103/PhysRev.21.483}
}